@inproceedings{bourgault2002information,
  title={Information based adaptive robotic exploration},
  author={Bourgault, Frederic and Makarenko, Alexei A and Williams, Stefan B and Grocholsky, Ben and Durrant-Whyte, Hugh F},
  booktitle={Intelligent Robots and Systems, 2002. IEEE/RSJ International Conference on},
  volume={1},
  pages={540--545},
  year={2002},
  organization={IEEE}
}

@inproceedings{stachniss2005information,
  title={Information Gain-based Exploration Using Rao-Blackwellized Particle Filters.},
  author={Stachniss, Cyrill and Grisetti, Giorgio and Burgard, Wolfram},
  booktitle={Robotics: Science and Systems},
  volume={2},
  year={2005}
}

@book{thrun2005probabilistic,
  title={Probabilistic robotics},
  author={Thrun, Sebastian and Burgard, Wolfram and Fox, Dieter},
  year={2005},
  publisher={MIT press}
}
